@inproceedings{kkanev:2010,
 author = {Kanev, Kaloyan and Melnikov, Nikolay and 
		   Sch\"{o}nw\"{a}lder, J\"{u}rgen},
 title = {{Implementation of a stream-based IP flow record query language}},
 booktitle = {Proceedings of the Mechanisms for autonomous management of 
			  networks and services, and 4th international conference on 
			  Autonomous infrastructure, management and security},
 series = {AIMS'10},
 year = {2010},
 isbn = {3-642-13985-X, 978-3-642-13985-7},
 location = {Zurich, Switzerland},
 pages = {147--158},
 numpages = {12},
 url = {http://dl.acm.org/citation.cfm?id=1875873.1875900},
 acmid = {1875900},
 publisher = {Springer-Verlag},
 address = {Berlin, Heidelberg},
 keywords = {flow query language, netflow, network monitoring},
} 

@mastersthesis{kkanev:thesis:2009,
 author = {Kanev, Kaloyan},
 title = {{Flowy - Network Flow Analysis Application}},
 school = {Jacobs University Bremen},
 address = {Campus Ring 1, 28759 Bremen, Germany},
 year = {2009},
}

@mastersthesis{vmarinov:thesis:2009,
 author = {Marinov, Vladislav},
 title = {{Design of an IP Flow Record Query Language}},
 school = {Jacobs University Bremen},
 address = {Campus Ring 1, 28759 Bremen, Germany},
 year = {2009},
}

@inproceedings{vmarinov:2009,
 author = {Marinov, Vladislav and Sch\"{o}nw\"{a}lder, J\"{u}rgen},
 title = {{Design of a Stream-Based IP Flow Record Query Language}},
 booktitle = {Proceedings of the 20th IFIP/IEEE International Workshop on 
			  Distributed Systems: Operations and Management: Integrated 
			  Management of Systems, Services, Processes and People in IT},
 series = {DSOM '09},
 year = {2009},
 isbn = {978-3-642-04988-0},
 location = {Venice, Italy},
 pages = {15--28},
 numpages = {14},
 url = {http://dx.doi.org/10.1007/978-3-642-04989-7_2},
 doi = {http://dx.doi.org/10.1007/978-3-642-04989-7_2},
 acmid = {1692702},
 publisher = {Springer-Verlag},
 address = {Berlin, Heidelberg},
 keywords = {IPFIX, NetFlow, Network measurement},
} 

@inproceedings{vmarinov:2008,
 author = {Marinov, Vladislav and Sch\"{o}nw\"{a}lder, J\"{u}rgen},
 title = {{Design of an IP Flow Record Query Language}},
 booktitle = {Proceedings of the 2nd international conference on Autonomous
 			  Infrastructure, Management and Security: Resilient Networks and
 			  Services},
 series = {AIMS '08},
 year = {2008},
 isbn = {978-3-540-70586-4},
 location = {Bremen, Germany},
 pages = {205--210},
 numpages = {6},
 url = {http://dx.doi.org/10.1007/978-3-540-70587-1_20},
 doi = {http://dx.doi.org/10.1007/978-3-540-70587-1_20},
 acmid = {1428087},
 publisher = {Springer-Verlag},
 address = {Berlin, Heidelberg},
 keywords = {IPFIX, NetFlow, network traffic analysis, query language},
}