@incollection{ipv6transeval:2012,
  year={2012},
  isbn={978-3-642-30632-7},
  booktitle={Dependable Networks and Services},
  volume={7279},
  series={Lecture Notes in Computer Science},
  doi={10.1007/978-3-642-30633-4_19},
  title={{Flow-Based Identification of Failures Caused by IPv6 Transition Mechanisms}},
  url={http://dx.doi.org/10.1007/978-3-642-30633-4_19},
  publisher={Springer Berlin Heidelberg},
  keywords={IPv6; Transition; NAT64; Dual-Stack Lite; NetFlow},
  author={Bajpai, Vaibhav and Melnikov, Nikolay and Sehgal, Anuj and Sch\"onw\"alder, J\"urgen},
  pages={139-150}
}
